<record><leader>00000cas a2200000 a 4500</leader><controlfield tag="001">19966312</controlfield><controlfield tag="008">890706d19081909vtuwn n      s0    0eng d</controlfield><datafield ind1=" " ind2=" " tag="010"><subfield code="a">sn 97067570 </subfield></datafield><datafield ind1=" " ind2=" " tag="040"><subfield code="a">VSL</subfield><subfield code="b">eng</subfield><subfield code="c">VSL</subfield><subfield code="d">NVN</subfield><subfield code="d">OCL</subfield><subfield code="d">KRTAS</subfield><subfield code="d">OCLCQ</subfield><subfield code="d">OCLCF</subfield><subfield code="d">OCLCO</subfield></datafield><datafield ind1="0" ind2="4" tag="082"><subfield code="a">378.74</subfield></datafield><datafield ind1="0" ind2="4" tag="245"><subfield code="a">The Vermont cynic and monthly /</subfield><subfield code="c">published by the students of the University of Vermont.</subfield></datafield><datafield ind1=" " ind2=" " tag="260"><subfield code="a">Burlington, Vt. :</subfield><subfield code="b">University of Vermont,</subfield><subfield code="c">1908-1909.</subfield></datafield><datafield ind1=" " ind2=" " tag="300"><subfield code="a">v. :</subfield><subfield code="b">ill. ;</subfield><subfield code="c">24 cm.</subfield></datafield><datafield ind1=" " ind2=" " tag="310"><subfield code="a">Weekly (during college year),</subfield><subfield code="b">1908-1909</subfield></datafield><datafield ind1="0" ind2=" " tag="362"><subfield code="a">Vol. 25, no. 1 (Mar. 7, 1908)-v. 26, no. 34 (May 5, 1909).</subfield></datafield><datafield ind1="2" ind2="0" tag="610"><subfield code="a">University of Vermont</subfield><subfield code="x">Students</subfield><subfield code="v">Newspapers.</subfield></datafield><datafield ind1="2" ind2="0" tag="610"><subfield code="a">University of Vermont</subfield><subfield code="v">Newspapers.</subfield></datafield><datafield ind1=" " ind2="7" tag="655"><subfield code="a">Newspapers.</subfield><subfield code="2">fast</subfield><subfield code="0">(OCoLC)fst01423814</subfield></datafield><datafield ind1="2" ind2="7" tag="610"><subfield code="a">University of Vermont.</subfield><subfield code="2">fast</subfield><subfield code="0">(OCoLC)fst00510217</subfield></datafield><datafield ind1=" " ind2="7" tag="650"><subfield code="a">Students.</subfield><subfield code="2">fast</subfield><subfield code="0">(OCoLC)fst01136041</subfield></datafield><datafield ind1="2" ind2=" " tag="710"><subfield code="a">University of Vermont.</subfield></datafield><datafield ind1=" " ind2=" " tag="752"><subfield code="a">United States</subfield><subfield code="b">Vermont</subfield><subfield code="c">Chittenden</subfield><subfield code="d">Burlington.</subfield></datafield><datafield ind1="0" ind2="0" tag="780"><subfield code="t">University cynic</subfield><subfield code="w">(OCoLC)15110508</subfield></datafield><datafield ind1="0" ind2="0" tag="785"><subfield code="t">Vermont cynic</subfield><subfield code="w">(OCoLC)15119511</subfield></datafield><datafield ind1=" " ind2=" " tag="938"><subfield code="a">Kirtas Technologies, Inc.</subfield><subfield code="b">KRTS</subfield><subfield code="n">857837</subfield></datafield></record>